<?xml version="1.0" encoding="UTF-8"?><record xmlns="http://www.loc.gov/MARC21/slim" xmlns:cinclude="http://apache.org/cocoon/include/1.0" xmlns:zs="http://www.loc.gov/zing/srw/">
  <leader>00413nz  a2200133n  4500</leader>
  <controlfield tag="001">no2009088504</controlfield>
  <controlfield tag="003">DLC</controlfield>
  <controlfield tag="005">20090611075542.0</controlfield>
  <controlfield tag="008">090609n| acannaabn          |n aaa     c</controlfield>
  <datafield tag="010" ind1=" " ind2=" ">
    <subfield code="a">no2009088504</subfield>
  </datafield>
  <datafield tag="035" ind1=" " ind2=" ">
    <subfield code="a">(OCoLC)oca08136106</subfield>
  </datafield>
  <datafield tag="040" ind1=" " ind2=" ">
    <subfield code="a">NN</subfield>
    <subfield code="b">eng</subfield>
    <subfield code="c">NN</subfield>
  </datafield>
  <datafield tag="100" ind1="1" ind2=" ">
    <subfield code="a">Royal, Taiaroa</subfield>
  </datafield>
  <datafield tag="670" ind1=" " ind2=" ">
    <subfield code="a">Douglas Wright Dance Company, photographs, 199-?:</subfield>
    <subfield code="b">verso (Taiaroa Royal; dancer; performs with Douglas Wright Dance Company)</subfield>
  </datafield>
</record>